@Article{Colin,
  author = {O. Colin and F. Ducros and D.Veynante and T. Poinsot},
  title = {A Thickened Flame Model for Large Eddy Simulations of Turbulent Premixed Combustion},
  journal = {Physics of Fluids},
  year = {2000},
  volume = {12},
  number = {7},
  pages = {1843--1863},
  month = {July},
}

@Article{Wang,
  author = {G. Wang and M. Boileau and D. Veynante},
  title = {Implementation of a Dynamic Thickened Flame Model for Large Eddy Simulations of Turbulent Premixed Combustion},
  journal = {Combustion and Flame},
  year = {2011},
  volume = {158},
  pages = {2199--2213},
}

@InProceedings{Durand,
	author = {Ludovic Durand and Wolfgang Polifke},
	title = {Implementation of the Thickened Flame Model for Large Eddy Simulation of Turbulent Premixed Combustion in a Commercial Solver},
	booktitle = {Proceedings of GT2007},
	year = 2007,
	address = {Montreal, Canada},
	month = {May},
	organization = {ASME},
}

